%===============================================================================
% Sample bibliopgraphy file for ifaconf.bst style to be used in
% IFAC meeting papers
% Copyright (c) 2007-2008 International Federation of Automatic Control
%===============================================================================
@article{brockett1972system,
  title={System theory on group manifolds and coset spaces},
  author={Brockett, Roger W},
  journal={SIAM Journal on control},
  volume={10},
  number={2},
  pages={265--284},
  year={1972},
  publisher={SIAM}
}

@article{jurdjevic1972control,
  title={Control systems on Lie groups},
  author={Jurdjevic, Velimir and Sussmann, H{\'e}ctor J},
  journal={Journal of Differential equations},
  volume={12},
  number={2},
  pages={313--329},
  year={1972},
  publisher={Academic Press}
}

@article{brockett1973lie,
  title={Lie theory and control systems defined on spheres},
  author={Brockett, RW},
  journal={SIAM Journal on Applied Mathematics},
  volume={25},
  number={2},
  pages={213--225},
  year={1973},
  publisher={SIAM}
}

@article{salcudean1991globally,
  title={A globally convergent angular velocity observer for rigid body motion},
  author={Salcudean, S},
  journal={IEEE transactions on Automatic Control},
  volume={36},
  number={12},
  pages={1493--1497},
  year={1991},
  publisher={IEEE}
}

@article{thienel2003coupled,
  title={A coupled nonlinear spacecraft attitude controller and observer with an unknown constant gyro bias and gyro noise},
  author={Thienel, J and Sanner, Robert M},
  journal={IEEE transactions on Automatic Control},
  volume={48},
  number={11},
  pages={2011--2015},
  year={2003},
  publisher={IEEE}
}


@article{mahony2008nonlinear,
  title={Nonlinear complementary filters on the special orthogonal group},
  author={Mahony, Robert and Hamel, Tarek and Pflimlin, Jean-Michel},
  journal={IEEE Transactions on automatic control},
  volume={53},
  number={5},
  pages={1203--1218},
  year={2008},
  publisher={IEEE}
}

@article{mahony2020equivariant,
  title={Equivariant systems theory and observer design},
  author={Mahony, Robert and Hamel, Tarek and Trumpf, Jochen},
  journal={arXiv preprint arXiv:2006.08276},
  year={2020}
}

@inproceedings{bonnabel2007left,
  title={Left-invariant extended Kalman filter and attitude estimation},
  author={Bonnabel, Silvere},
  booktitle={2007 46th IEEE Conference on Decision and Control},
  pages={1027--1032},
  year={2007},
  organization={IEEE}
}

@inproceedings{bonnabel2006non,
  title={A non-linear symmetry-preserving observer for velocity-aided inertial navigation},
  author={Bonnabel, Silvere and Martin, Philippe and Rouchon, Pierre},
  booktitle={2006 American Control Conference},
  pages={5--pp},
  year={2006},
  organization={IEEE}
}

@article{bonnabel2008symmetry,
  title={Symmetry-preserving observers},
  author={Bonnabel, Silvere and Martin, Philippe and Rouchon, Pierre},
  journal={IEEE Transactions on Automatic Control},
  volume={53},
  number={11},
  pages={2514--2526},
  year={2008},
  publisher={IEEE}
}

@article{lageman2009gradient,
  title={Gradient-like observers for invariant dynamics on a Lie group},
  author={Lageman, Christian and Trumpf, Jochen and Mahony, Robert},
  journal={IEEE Transactions on Automatic Control},
  volume={55},
  number={2},
  pages={367--377},
  year={2009},
  publisher={IEEE}
}


@article{mahony2013observers,
  title={Observers for kinematic systems with symmetry},
  author={Mahony, Robert and Trumpf, Jochen and Hamel, Tarek},
  journal={IFAC Proceedings Volumes},
  volume={46},
  number={23},
  pages={617--633},
  year={2013},
  publisher={Elsevier}
}


@inproceedings{bourmaud2013discrete,
  title={Discrete extended Kalman filter on Lie groups},
  author={Bourmaud, Guillaume and M{\'e}gret, R{\'e}mi and Giremus, Audrey and Berthoumieu, Yannick},
  booktitle={21st European Signal Processing Conference (EUSIPCO 2013)},
  pages={1--5},
  year={2013},
  organization={IEEE}
}

@article{khosravian2015observers,
  title={Observers for invariant systems on Lie groups with biased input measurements and homogeneous outputs},
  author={Khosravian, Alireza and Trumpf, Jochen and Mahony, Robert and Lageman, Christian},
  journal={Automatica},
  volume={55},
  pages={19--26},
  year={2015},
  publisher={Elsevier}
}

@article{saccon2015second,
  title={Second-order-optimal minimum-energy filters on lie groups},
  author={Saccon, Alessandro and Trumpf, Jochen and Mahony, Robert and Aguiar, A Pedro},
  journal={IEEE Transactions on Automatic Control},
  volume={61},
  number={10},
  pages={2906--2919},
  year={2015},
  publisher={IEEE}
}


@article{mahony2021equivariant,
  title={Equivariant filter design for kinematic systems on lie groups},
  author={Mahony, Robert and Trumpf, Jochen},
  journal={IFAC-PapersOnLine},
  volume={54},
  number={9},
  pages={253--260},
  year={2021},
  publisher={Elsevier}
}

@article{joshi2019bundle,
title = {A bundle framework for observer design on smooth manifolds with symmetry},
journal = {Journal of Geometric Mechanics},
volume = {13},
number = {2},
pages = {247-271},
year = {2021},
author = {Anant A. Joshi and D. H. S. Maithripala and Ravi N. Banavar},
}

@article{barrau2016invariant,
  title={The invariant extended Kalman filter as a stable observer},
  author={Barrau, Axel and Bonnabel, Silv{\`e}re},
  journal={IEEE Transactions on Automatic Control},
  volume={62},
  number={4},
  pages={1797--1812},
  year={2016},
  publisher={IEEE}
}

@article{barrau2018invariant,
  title={Invariant kalman filtering},
  author={Barrau, Axel and Bonnabel, Silvere},
  journal={Annual Review of Control, Robotics, and Autonomous Systems},
  volume={1},
  number={1},
  pages={237--257},
  year={2018},
  publisher={Annual Reviews}
}

@article{van2020equivariant,
  title={Equivariant filter (eqf)},
  author={van Goor, Pieter and Hamel, Tarek and Mahony, Robert},
  journal={arXiv preprint arXiv:2010.14666},
  year={2020}
}

@article{mahony2021observer,
  title={Observer Design for Nonlinear Systems with Equivariance},
  author={Mahony, Robert and van Goor, Pieter and Hamel, Tarek},
  journal={arXiv preprint arXiv:2108.09387},
  year={2021}
}

@inproceedings{van2021autonomous,
  title={Autonomous Error and Constructive Observer Design for Group Affine Systems},
  author={{van Goor}, Pieter and Mahony, Robert},
  booktitle={2021 60th IEEE Conference on Decision and Control (CDC)},
  pages={4730--4737},
  year={2021},
  organization={IEEE}
}

@incollection{lee2013smooth,
  title={Smooth manifolds},
  author={Lee, John M},
  booktitle={Introduction to smooth manifolds},
  pages={1--31},
  year={2013},
  publisher={Springer}
}
